<record><leader>00000cas a2200000 a 4500</leader><controlfield tag="001">4377055</controlfield><controlfield tag="008">781116c19809999fluwr ne      0   a0eng c</controlfield><datafield ind1=" " ind2=" " tag="010"><subfield code="a">sn 78002171 </subfield></datafield><datafield ind1=" " ind2=" " tag="040"><subfield code="a">NSD</subfield><subfield code="b">eng</subfield><subfield code="c">NSD</subfield><subfield code="d">FUG</subfield><subfield code="d">OCLCQ</subfield><subfield code="d">OCLCF</subfield><subfield code="d">OCLCO</subfield></datafield><datafield ind1=" " ind2=" " tag="012"><subfield code="i">9509</subfield><subfield code="k">1</subfield><subfield code="m">1</subfield></datafield><datafield ind1="1" ind2=" " tag="022"><subfield code="a">0163-4011</subfield><subfield code="l">0163-4011</subfield><subfield code="2">1</subfield></datafield><datafield ind1="1" ind2=" " tag="029"><subfield code="a">AU@</subfield><subfield code="b">000025823543</subfield></datafield><datafield ind1=" " ind2=" " tag="032"><subfield code="a">189900</subfield><subfield code="b">USPS</subfield></datafield><datafield ind1=" " ind2=" " tag="037"><subfield code="b">(Paul G. Lindsey), P.O. Box 766, Fernandina Beach, Fla.</subfield></datafield><datafield ind1=" " ind2=" " tag="042"><subfield code="a">nsdp</subfield><subfield code="a">pcc</subfield></datafield><datafield ind1=" " ind2=" " tag="043"><subfield code="a">n-us-fl</subfield></datafield><datafield ind1="0" ind2=" " tag="130"><subfield code="a">News-leader (Fernandina Beach, Fla.)</subfield></datafield><datafield ind1=" " ind2="0" tag="222"><subfield code="a">News-leader</subfield></datafield><datafield ind1="0" ind2="4" tag="245"><subfield code="a">The news-leader.</subfield></datafield><datafield ind1="3" ind2="0" tag="246"><subfield code="a">News leader</subfield></datafield><datafield ind1=" " ind2=" " tag="260"><subfield code="a">Fernandina Beach, Fla. :</subfield><subfield code="b">Fernandina Beach News-Leader,</subfield><subfield code="c">1980-</subfield></datafield><datafield ind1=" " ind2=" " tag="310"><subfield code="a">Weekly</subfield></datafield><datafield ind1="0" ind2=" " tag="362"><subfield code="a">Vol. 124, no. 9 (Feb. 27, 1980)-</subfield></datafield><datafield ind1=" " ind2=" " tag="530"><subfield code="a">Also available on microfilm from the University of Florida.</subfield></datafield><datafield ind1=" " ind2="0" tag="651"><subfield code="a">Fernandina Beach (Fla.)</subfield><subfield code="v">Newspapers.</subfield></datafield><datafield ind1=" " ind2="0" tag="651"><subfield code="a">Nassau County (Fla.)</subfield><subfield code="v">Newspapers.</subfield></datafield><datafield ind1=" " ind2="7" tag="655"><subfield code="a">Newspapers.</subfield><subfield code="2">fast</subfield><subfield code="0">(OCoLC)fst01423814</subfield></datafield><datafield ind1=" " ind2="7" tag="651"><subfield code="a">Florida</subfield><subfield code="z">Fernandina Beach.</subfield><subfield code="2">fast</subfield><subfield code="0">(OCoLC)fst01219291</subfield></datafield><datafield ind1=" " ind2="7" tag="651"><subfield code="a">Florida</subfield><subfield code="z">Nassau County.</subfield><subfield code="2">fast</subfield><subfield code="0">(OCoLC)fst01218432</subfield></datafield><datafield ind1=" " ind2=" " tag="752"><subfield code="a">United States</subfield><subfield code="b">Florida</subfield><subfield code="c">Nassau</subfield><subfield code="d">Fernandina Beach.</subfield></datafield><datafield ind1="1" ind2=" " tag="776"><subfield code="c">Microfilm</subfield><subfield code="d">George A. Smathers Libraries, University of Florida</subfield><subfield code="w">(DLC)sn 96027598</subfield><subfield code="w">(OCoLC)35130996</subfield></datafield><datafield ind1="0" ind2="0" tag="780"><subfield code="t">Fernandina Beach news-leader</subfield><subfield code="w">(DLC)sn 95026706</subfield><subfield code="w">(OCoLC)33142109</subfield></datafield><datafield ind1=" " ind2=" " tag="850"><subfield code="a">FU</subfield></datafield><datafield ind1=" " ind2=" " tag="936"><subfield code="a">Vol. 141, no. 48 (Nov. 29, 1995) LIC</subfield></datafield></record>